02RETORNO01COBRANCA       482900244476        WQUARKS S D SOFTWARE LTDA ME  341BANCO ITAU S.A.22061601600BPI00001220616                                                                                                                                                                                                                                                                                   000001
10215363725000111482900244476        1-21                     00001595            109000015956             I022206161595      00001595            20031700000000200003410634608000000000035000000000000000000000000000000000000000000000000000000000000000000000000000000000000000000000000000000000         00000000000000000000000LIMASOFT INTEGRADORA DA TECNOL                                        000002
9201341          000000000000000000000000000000          000000000000000000000000000000                                                  000000000000000000000000000000          0000000100000000020000  22/06S000010000000100000000020000                                                                                                                                                                000003
