01REMESSA01COBRANCA       00000000000000000000                              001BANCODOBRASIL  3001170000000                      0000000                                                                                                                                                                                                                                                                  000001
70212345678900123000000000000000000000                         000000000000000000000       0000000000     1000          30011700000000000000010000 00N300117000000000000000003001170000000000000000000000000000000000000000100012345678900ANY NAME TO BIG THAT LIB NEEDS TO CUT                                                       00000000                                                         00 000002
9000000000000000000000000000000000000000000000000000000000000000000000000000000000000000000000000000000000000000000000000000000000000000000000000000000000000000000000000000000000000000000000000000000000000000000000000000000000000000000000000000000000000000000000000000000000000000000000000000000000000000000000000000000000000000000000000000000000000000000000000000000000000000000000000000000000000003
