01REMESSA01COBRANCA       000000000000                                      341BANCO ITAU SA  190117                                                                                                                                                                                                                                                                                                      000001
10200000000000000000000000000    0000                         000000000000000000000109                     I01          190117000000000000034100000  A190117    00000000000001901170000000000000000000000000000000000000000100012345678900ANY NAME TO BIG THAT LIB NEEDS                                                              00000000                                                   20011705 000002
9                                                                                                                                                                                                                                                                                                                                                                                                         000003
