01REMESSA01COBRANCA       000000000000                                      341BANCO ITAU SA  240217                                                                                                                                                                                                                                                                                                      000001
10212345678900123000000000000    0000                         000000000000000000000109                     I01          24021700000000000003410000001A240217020000000000000002402170000000000000000000000000000000000000000100012345678900ANY NAME TO BIG THAT LIB NEEDS                                                              00000000                                                   25021705 000002
9                                                                                                                                                                                                                                                                                                                                                                                                         000003
