01REMESSA01COBRANCA       000000000000                                      341BANCO ITAU SA  040716                                                                                                                                                                                                                                                                                                      000001
10212345678901414000000000000    0000                         000000000000000000000109                     I01          040716000000000000034100000  A040716    00000000000000407160000000000000000000000000000000000000000100012345678900ANY NAME TO BIG THAT LIB NEEDS                                                              00000000                                                   05071605 000002
9                                                                                                                                                                                                                                                                                                                                                                                                         000003
