01REMESSA01COBRANCA       000000000000                                      341BANCO ITAU SA  230616                                                                                                                                                                                                                                                                                                      000001
10212345678901414000000000000    0000                         000000000000000000000109                     I01          230616000000000000034100000  A230616    00000000000002306160000000000000000000000000000000000000000100012345678900ANY NAME TO BIG THAT LIB NEEDS                                                              00000000                                                   24061605 000002
9                                                                                                                                                                                                                                                                                                                                                                                                         000003
