01REMESSA01COBRANCA       0000000000                                        104C ECON FEDERAL 250117                                                                                                                                                                                                                                                                                                 00000000001
1020123456789012300000000002000                         00000000000000000                                 1001          25011700000000000001040000001A250117000000000000000002501170000000000000000000000000000000000000000100001234567890QUALQUER NOME GRANDE O SUCIFIENTE PARA A                                                    00000000                 2601170000000000                      00001000002
9                                                                                                                                                                                                                                                                                                                                                                                                         000003
