01REMESSA01COBRANCA       00000000000000000000                              237BRADESCO       310117        MX0000000                                                                                                                                                                                                                                                                                     000001
100000 000000000000 01090000000000000                         237000000000000000000000000000            R0  01          31011700000000000000000000000N310117000000000000000003101170000000000000000000000000000000000000000000001234567890UM GRANDE CONJUNTO DE CARACTERES PARA TE                                                    00000000                                                            000002
9                                                                                                                                                                                                                                                                                                                                                                                                         000003
