01REMESSA01COBRANCA       000000000000                                      341BANCO ITAU SA  310816                                                                                                                                                                                                                                                                                                      000001
10212345678901414000000000000    0000                         000000000000000000000109                     I01          310816000000000000034100000  A310816    00000000000003108160000000000000000000000000000000000000000100012345678900ANY NAME TO BIG THAT LIB NEEDS                                                              00000000                                                   01091605 000002
9                                                                                                                                                                                                                                                                                                                                                                                                         000003
