01REMESSA01COBRANCA       0000000000                                        104C ECON FEDERAL 300117                                                                                                                                                                                                                                                                                                 00000000001
1020123456789012300000000002000                         00000000000000000                                 1001          30011700000000000001040000001A300117000000000000000003001170000000000000000000000000000000000000000100001234567890QUALQUER NOME GRANDE O SUCIFIENTE PARA A                                                    00000000                 3101170000000000                      00001000002
9                                                                                                                                                                                                                                                                                                                                                                                                         000003
