01REMESSA01COBRANCA       000000000000                                      341BANCO ITAU SA  080916                                                                                                                                                                                                                                                                                                      000001
10200000000000000000000000000    0000                         000000000000000000000109                     I01          080916000000000000034100000  A080916    00000000000000809160000000000000000000000000000000000000000100012345678900ANY NAME TO BIG THAT LIB NEEDS                                                              00000000                                                   09091605 000002
9                                                                                                                                                                                                                                                                                                                                                                                                         000003
