01REMESSA01COBRANCA       000000000000                                      341BANCO ITAU SA  200117                                                                                                                                                                                                                                                                                                      000001
10212345678900123000000000000    0000                         000000000000000000000109                     I01          200117000000000000034100000  A200117    00000000000002001170000000000000000000000000000000000000000100012345678900ANY NAME TO BIG THAT LIB NEEDS                                                              00000000                                                   21011705 000002
9                                                                                                                                                                                                                                                                                                                                                                                                         000003
