01REMESSA01COBRANCA       000000000000                                      341BANCO ITAU SA  160217                                                                                                                                                                                                                                                                                                      000001
10212345678900123000000000000    0000                         000000000000000000000109                     I01          16021700000000000003410000001A160217020000000000000001602170000000000000000000000000000000000000000100012345678900ANY NAME TO BIG THAT LIB NEEDS                                                              00000000                                                   17021705 000002
9                                                                                                                                                                                                                                                                                                                                                                                                         000003
